@book{VHTiep2020,
  author = {Vũ Hữu Tiệp},
  title = {Machine Learning cơ bản},
  year = {2020},
  url = {https://machinelearningcoban.com/ebook/}
}

@book{Lemons_2017,
  place={Cambridge},
  series={Student’s Guides},
  title={A Student’s Guide to Dimensional Analysis},
  publisher={Cambridge University Press},
  author={Lemons, Don S.},
  year={2017},
  collection={Student’s Guides}
}

@book{robinett2025dimensional,
  title={Dimensional Analysis Across the Landscape of Physics: Classic Results, Textbook Examples, and Exploration of Research},
  author={Robinett, Richard W},
  year={2025},
  publisher={Oxford University Press}
}